@article{tomita,
	author={Tomita, E. and Tanaka, A. and Takahashi, H.},
	title={The worst-case time complexity for generating all maximal cliques
and computational experiments},
	journal={Theoretical Computer Science},
	volume={363},
	year={2006},
	pages={28--42}
}

@article{ostergard,
	author={Östergård, Patric R. J.},
	title={A fast algorithm for the maximum clique problem},
	journal={Discrete Applied Mathematics},
	volume={120},
	year={2002},
	pages={197--207}
}

@article{hinz,
	author={Hinz, Andreas M. and Klavžar, S. and Zemljič, Sara S.},
	title={A survey and classification of {S}ierpiński-type graphs},
	journal={Discrete Applied Mathematics},
	volume={217},
	issue={3},
	year={2017},
	pages={565--600}
}